@online{pcast2016,
  title = {Report on Forensic Science in Criminal Courts: Ensuring Scientific Validity of Feature-Comparison Methods},
  author = {President's Council of Advisors on Science and Technology},
  year = {2016},
  url = {\url{https://www.whitehouse.gov/sites/default/files/microsites/ostp/PCAST/pcast_forensic_science_report_final.pdf}},
  urldate = {2016-09-24}
}

@article{slr,
title = "Score-based likelihood ratios for handwriting evidence",
journal = "Forensic Science International",
volume = "219",
number = "1",
pages = "129 - 140",
year = "2012",
issn = "0379-0738",
doi = "https://doi.org/10.1016/j.forsciint.2011.12.009",
url = "http://www.sciencedirect.com/science/article/pii/S0379073811006013",
author = "Amanda B. Hepler and Christopher P. Saunders and Linda J. Davis and JoAnn Buscaglia",
keywords = "Forensic science",
keywords = "Likelihood ratio",
keywords = "Handwriting evidence",
keywords = "Statistical evidence evaluation",
keywords = "Forensic statistics",
keywords = "Questioned documents"
}

@article{aoas,
   author = {{Hare}, Eric and {Hofmann}, Heike and {Carriquiry}, Alicia},
    title = "{Automatic Matching of Bullet Lands}",
  journal = {Annals of Applied Statistics},
archivePrefix = "arXiv",
   eprint = {1601.05788},
 primaryClass = "stat.AP",
 keywords = {Statistics - Applications},
     year = 2016,
    month = jan,
   adsurl = {http://adsabs.harvard.edu/abs/2016arXiv160105788H},
  adsnote = {Provided by the SAO/NASA Astrophysics Data System}
}

@online{bulletr,
    title = {bulletr: Algorithms for Matching Bullet Lands},
    author = {Hofmann, Heike and  Hare, Eric},
      year = {2017},
    note = {R package version 0.1.0.9000},
    url = {\url{https://github.com/erichare/bulletr}}
}

@Manual{sam,
    title = {SensoMATCH bullet comparison software},
    author = {{Sensorfar}},
    year = {2017}
}

@online{nist, 
  title={{NIST Ballistics Toolmark Research Database (NBTRB)}},
  author={Xiaoyu Alan Zheng},
  url={\url{https://tsapps.nist.gov/NRBTD}},
  year={2016}
  }

@article{hamby:2009,
author ={James E. Hamby and David J. Brundage and James W. Thorpe}, 
title={{The Identification of Bullets Fired from 10 Consecutively Rifled 9mm Ruger Pistol Barrels: A Research Project Involving 507 Participants from 20 Countries}},
journal={AFTE Journal}, 
volume={41}, 
number={2}, 
year={2009},
pages={99--110}
}

@online{LearnBayes,
    title = {LearnBayes: Functions for Learning Bayesian Inference},
    author = {Jim Albert},
    year = {2014},
    note = {R package version 2.15},
    url = {\url{https://CRAN.R-project.org/package=LearnBayes}}
  }
